@online{PAT,
  title = {Frequently Asked Questions: Patents},
  url = {http://www.wipo.int/patents/en/faq_patents.html},
}
